@article{jeckel_2021_advances,
  author = {Jeckel, Hannah and Drescher, Knut},
  month = {08},
  pages = {fuaa062},
  title = {Advances and opportunities in image analysis of bacterial cells and communities},
  doi = {10.1093/femsre/fuaa062},
  url = {https://pubmed.ncbi.nlm.nih.gov/33242074/},
  urldate = {2023-02-08},
  volume = {45},
  year = {2021},
  journal = {FEMS microbiology reviews}
}